<?xml version="1.0" encoding="UTF-8"?><collection xmlns="http://www.loc.gov/MARC21/slim"><record><leader>00328nam--2200121-i-4500</leader><controlfield tag="001">000019148</controlfield><controlfield tag="002">20161230</controlfield><controlfield tag="005">20161230201033</controlfield><controlfield tag="008">060222s1000------------r-----000-0-eng-d</controlfield><datafield ind1=" " ind2=" " tag="100"><subfield code="a">El-abiad-ahmed H</subfield></datafield><datafield ind1=" " ind2=" " tag="245"><subfield code="a">Stagg, glenn w</subfield></datafield><datafield ind1=" " ind2=" " tag="260"><subfield code="a">Computer Methods On Power System Analysis</subfield></datafield><datafield ind1=" " ind2=" " tag="490"><subfield code="a">Mcgraw-hill Series In Electronic Systems</subfield></datafield></record></collection>